<record><leader>00000cas a22000007a 4500</leader><controlfield tag="001">15795110</controlfield><controlfield tag="008">870601d187718uuinuwr ne      0    0eng d</controlfield><datafield ind1=" " ind2=" " tag="010"><subfield code="a">sn 87056051 </subfield></datafield><datafield ind1=" " ind2=" " tag="040"><subfield code="a">NPI</subfield><subfield code="b">eng</subfield><subfield code="c">NPI</subfield><subfield code="d">OCLCQ</subfield></datafield><datafield ind1=" " ind2=" " tag="042"><subfield code="a">msc</subfield></datafield><datafield ind1="0" ind2=" " tag="130"><subfield code="a">Weekly journal (Logansport, Ind.)</subfield></datafield><datafield ind1="1" ind2="0" tag="245"><subfield code="a">Weekly journal.</subfield></datafield><datafield ind1=" " ind2=" " tag="260"><subfield code="a">Logansport, Ind. :</subfield><subfield code="b">Pratt &amp; Co.,</subfield><subfield code="c">1877-</subfield></datafield><datafield ind1=" " ind2=" " tag="310"><subfield code="a">Weekly</subfield></datafield><datafield ind1="0" ind2=" " tag="362"><subfield code="a">Vol. 29, no. 1 (Jan. 6, 1877)-</subfield></datafield><datafield ind1=" " ind2=" " tag="752"><subfield code="a">United States</subfield><subfield code="b">Indiana</subfield><subfield code="c">Cass</subfield><subfield code="d">Logansport.</subfield></datafield><datafield ind1="1" ind2=" " tag="775"><subfield code="t">Daily journal (Logansport, Ind. : 1878)</subfield><subfield code="w">(DLC)Sn 87056052</subfield></datafield><datafield ind1="0" ind2="0" tag="780"><subfield code="t">Logansport weekly journal</subfield><subfield code="w">(DLC)sn 82006500</subfield></datafield></record>